@inproceedings{zhao2014automatic,
  title={Automatic detection of expressed emotion in Parkinson's disease},
  author={Zhao, Shunan and Rudzicz, Frank and Carvalho, Leonardo G and M{\'a}rquez-Chin, C{\'e}sar and Livingstone, Steven},
  booktitle={2014 IEEE international conference on acoustics, speech and signal processing (ICASSP)},
  pages={4813--4817},
  year={2014},
  organization={IEEE}
}

@article{oh2020deep,
  title={A deep learning approach for Parkinsonâ€™s disease diagnosis from EEG signals},
  author={Oh, Shu Lih and Hagiwara, Yuki and Raghavendra, U and Yuvaraj, Rajamanickam and Arunkumar, N and Murugappan, M and Acharya, U Rajendra},
  journal={Neural Computing and Applications},
  volume={32},
  number={15},
  pages={10927--10933},
  year={2020},
  publisher={Springer}
}

@article{drotar2014analysis,
  title={Analysis of in-air movement in handwriting: A novel marker for Parkinson's disease},
  author={Drot{\'a}r, Peter and Mekyska, Ji{\v{r}}{\'\i} and Rektorov{\'a}, Irena and Masarov{\'a}, Lucia and Sm{\'e}kal, Zdenek and Faundez-Zanuy, Marcos},
  journal={Computer methods and programs in biomedicine},
  volume={117},
  number={3},
  pages={405--411},
  year={2014},
  publisher={Elsevier}
}

@article{pereira2016new,
  title={A new computer vision-based approach to aid the diagnosis of Parkinson's disease},
  author={Pereira, Clayton R and Pereira, Danilo R and Silva, Francisco A and Masieiro, Jo{\~a}o P and Weber, Silke AT and Hook, Christian and Papa, Jo{\~a}o P},
  journal={Computer Methods and Programs in Biomedicine},
  volume={136},
  pages={79--88},
  year={2016},
  publisher={Elsevier}
}

@article{tibshirani1996regression,
  title={Regression shrinkage and selection via the lasso},
  author={Tibshirani, Robert},
  journal={Journal of the Royal Statistical Society: Series B (Methodological)},
  volume={58},
  number={1},
  pages={267--288},
  year={1996},
  publisher={Wiley Online Library}
}

@ARTICLE{708428,
  author={Hearst, M.A. and Dumais, S.T. and Osuna, E. and Platt, J. and Scholkopf, B.},
  journal={IEEE Intelligent Systems and their Applications}, 
  title={Support vector machines}, 
  year={1998},
  volume={13},
  number={4},
  pages={18-28},
  doi={10.1109/5254.708428}
}

